
@book{biermanKeyConceptsGeomorphology2014,
  title = {Key Concepts in Geomorphology},
  author = {Bierman, Paul R. and Montgomery, David R.},
  date = {2014},
  publisher = {{W.H. Freeman and Company Publishers : A Macmillan Higher Education Company}},
  location = {{New York, NY}},
  editora = {University of Vermont and University of Washington},
  editoratype = {collaborator},
  isbn = {978-1-4292-3860-1},
  langid = {english},
  pagetotal = {494},
  keywords = {_tablet_modified,Earth (Planet),Geomorphology,Landforms,Morphotectonics,Research,Surface,Textbooks},
  file = {C\:\\Users\\Brezny\\OneDrive - Ostravska univerzita\\Zotero_attachments\\Book\\W.H. Freeman and Company Publishers  A Macmillan Higher Education Company\\2014\\Bierman_Montgomery_2014_Key concepts in geomorphology.pdf}
}

@book{birdCoastalGeomorphologyIntroduction2008,
  title = {Coastal Geomorphology: An Introduction},
  shorttitle = {Coastal Geomorphology},
  author = {Bird, E. C. F.},
  date = {2008},
  edition = {2nd ed},
  publisher = {{Wiley}},
  location = {{Chichester, England ; Hoboken, NJ}},
  isbn = {978-0-470-51729-1 978-0-470-51730-7},
  langid = {english},
  pagetotal = {411},
  keywords = {Coasts},
  annotation = {OCLC: ocn166625998},
  file = {C\:\\Users\\Brezny\\OneDrive - Ostravska univerzita\\Zotero_attachments\\Book\\Wiley\\2008\\Bird_2008_Coastal geomorphology.pdf}
}

@book{charltonFundamentalsFluvialGeomorphology2007,
  title = {Fundamentals of Fluvial Geomorphology},
  author = {Charlton, Ro},
  date = {2007},
  url = {http://scholar.google.com/scholar?hl=en&btnG=Search&q=intitle:FUNDAMENTALS+OF+FLUVIAL+Geomorphology#0},
  isbn = {978-0-415-33453-2},
  keywords = {\#nosource}
}

@book{chowOpenchannelHydraulics1959,
  title = {Open-Channel Hydraulics},
  author = {Chow, Ven Te},
  date = {1959},
  publisher = {{McGraw-Hill Book Co.,}},
  location = {{New York}},
  langid = {english},
  pagetotal = {680},
  file = {C\:\\Users\\Brezny\\OneDrive - Ostravska univerzita\\Zotero_attachments\\Book\\McGraw-Hill Book Co.,\\1959\\Chow_1959_Open-channel hydraulics.pdf}
}

@book{davidson-arnottIntroductionCoastalProcesses2010a,
  title = {Introduction to Coastal Processes and Geomorphology},
  author = {Davidson-Arnott, R.},
  date = {2010},
  publisher = {{Cambridge University Press}},
  location = {{Cambridge}},
  isbn = {978-0-521-87445-8 978-0-521-69671-5},
  pagetotal = {442},
  keywords = {Coasts,Geomorphology},
  annotation = {OCLC: ocn422753482},
  file = {C\:\\Users\\Brezny\\OneDrive - Ostravska univerzita\\Zotero_attachments\\Journal Article\\undefined\\undefined\\Davidson-Arnott_An Introduction to Coastal Processes and Geomorphology.pdf}
}

@book{demekObecnaGeomorfologie1987,
  title = {Obecná Geomorfologie},
  author = {Demek, Jaromír},
  date = {1987},
  publisher = {{ČSAV}},
  location = {{Praha}},
  pagetotal = {476},
  file = {C\:\\Users\\Brezny\\OneDrive - Ostravska univerzita\\Zotero_attachments\\Book\\ČSAV\\1987\\Demek_1987_Obecná geomorfologie.pdf}
}

@book{dikauLandslideRecognitionIdentification1996,
  title = {Landslide Recognition: Identification, Movement, and Causes},
  author = {Dikau, Richard and Brunsden, Denys and Schrott, Lothar and Ibsen, Maïa-Laura},
  date = {1996},
  series = {Publication ({{International Association}} of {{Geomorphologists}})},
  publisher = {{J. Wiley \& Sons}},
  url = {http://books.google.cz/books?id=FkHwAAAAMAAJ},
  isbn = {978-0-471-96477-3},
  pagetotal = {251},
  keywords = {\#nosource}
}

@book{frenchPeriglacialEnvironment2017,
  title = {The Periglacial Environment},
  author = {French, Hugh M.},
  date = {2017},
  edition = {Fourth edition},
  publisher = {{Wiley, Blackwell}},
  location = {{Hoboken, NJ}},
  isbn = {978-1-119-13281-3 978-1-119-13279-0},
  langid = {english},
  pagetotal = {1},
  keywords = {Cold regions,Frozen ground,Glacial landforms},
  file = {D\:\\Brezny\\Zotero\\storage\\NZHVVEBH\\French - 2017 - The periglacial environment.pdf}
}

@book{galiaFluvialniGeomorfologie2017,
  title = {Fluviální Geomorfologie},
  author = {Galia, Tomáš},
  date = {2017},
  volume = {1},
  publisher = {{Ostravská univerzita}},
  location = {{Ostrava}},
  pagetotal = {186}
}

@book{huggettFundamentalsGeomorphology2007,
  title = {Fundamentals of Geomorphology},
  author = {Huggett, Richard J.},
  date = {2007},
  series = {Routledge Fundamentals of Physical Geography Series},
  edition = {2. ed},
  publisher = {{Routledge}},
  location = {{London}},
  isbn = {978-0-203-94711-1 978-0-415-39084-2 978-0-415-39083-5},
  langid = {english},
  pagetotal = {458},
  keywords = {_tablet_modified},
  annotation = {OCLC: 254195396},
  file = {C\:\\Users\\Brezny\\OneDrive - Ostravska univerzita\\Zotero_attachments\\Book\\Routledge\\2007\\Huggett_2007_Fundamentals of geomorphology.pdf}
}

@book{huggettFundamentalsGeomorphology2017,
  title = {Fundamentals of Geomorphology},
  author = {Huggett, Richard J.},
  date = {2017},
  series = {Routledge Fundamentals of Physical Geography Series},
  edition = {Fourth edition},
  publisher = {{Routledge, Taylor \& Francis Group}},
  location = {{London ; New York}},
  isbn = {978-1-138-94064-2 978-1-138-94065-9},
  langid = {english},
  pagetotal = {543},
  keywords = {Geomorphology},
  file = {C\:\\Users\\Brezny\\OneDrive - Ostravska univerzita\\Zotero_attachments\\Book\\Routledge, Taylor & Francis Group\\2017\\Huggett_2017_Fundamentals of geomorphology.pdf}
}

@book{kellerActiveTectonicsEarthquakes2002,
  title = {Active Tectonics: Earthquakes, Uplift, and Landscape},
  shorttitle = {Active Tectonics},
  author = {Keller, Edward A. and Pinter, Nicholas},
  date = {2002},
  series = {Books in the {{Prentice Hall}} Earth Science Series},
  edition = {2nd ed},
  publisher = {{Prentice Hall}},
  location = {{Upper Saddle River, N.J}},
  isbn = {978-0-13-088230-1},
  pagetotal = {362},
  keywords = {Earthquakes,Geomorphology,Plate tectonics},
  file = {C\:\\Users\\Brezny\\OneDrive - Ostravska univerzita\\Zotero_attachments\\Book\\Prentice Hall\\2002\\Keller_Pinter_2002_Active tectonics.pdf}
}

@book{livingstoneAeolianGeomorphologyNew2019,
  title = {Aeolian Geomorphology: A New Introduction},
  shorttitle = {Aeolian Geomorphology},
  editor = {Livingstone, Ian and Warren, Andrew},
  date = {2019},
  publisher = {{John Wiley \& Sons Ltdl}},
  location = {{Hoboken, NJ}},
  isbn = {978-1-118-94566-7},
  langid = {english},
  pagetotal = {1},
  keywords = {Eolian processes,Erosion,Geomorphology,Physical geography},
  file = {D\:\\Brezny\\Zotero\\storage\\HD5B6FGR\\Livingstone and Warren - 2019 - Aeolian geomorphology a new introduction.pdf}
}

@book{markoStrukturniGeologia1999,
  title = {Strukturní geológia},
  author = {Marko, František and Jacko, Stanislav},
  date = {1999},
  edition = {1},
  publisher = {{Harlequin}},
  location = {{Košice}},
  hlavni = {ano},
  isbn = {80-88896-36-3},
  langid = {slovak},
  pagetotal = {180},
  file = {C\:\\Users\\Brezny\\OneDrive - Ostravska univerzita\\Zotero_attachments\\Journal Article\\undefined\\undefined\\Marko_Jacko_(Všeobecná a systematická).pdf}
}

@book{mccalpinPaleoseismology2009a,
  title = {Paleoseismology},
  editor = {McCalpin, James},
  date = {2009},
  series = {International Geophysics Series},
  edition = {2nd ed},
  number = {v. 95},
  publisher = {{Academic Press}},
  location = {{Burlington, MA}},
  isbn = {978-0-12-373576-8},
  langid = {english},
  pagetotal = {613},
  keywords = {Paleoseismology},
  annotation = {OCLC: ocn318100432},
  file = {D\:\\Brezny\\Zotero\\storage\\GUPKFKS5\\McCalpin - 2009 - Paleoseismology.pdf}
}

@article{nemcokDeleniSvahovychPohybu1974,
  title = {Dělení Svahových Pohybů},
  author = {Nemčok, Arnold and Pašek, Jaroslav and Rybář, Jan},
  date = {1974},
  journaltitle = {Sborník geologických věd HIG},
  volume = {11},
  pages = {77--93},
  keywords = {\#nosource,⛔ No DOI found}
}

@book{radecki-pawlikOpenChannelHydraulics2017,
  title = {Open {{Channel Hydraulics}}, {{River Hydraulic Structures}} and {{Fluvial Geomorphology}}: {{For Engineers}}, {{Geomorphologists}} and {{Physical Geographers}}},
  shorttitle = {Open {{Channel Hydraulics}}, {{River Hydraulic Structures}} and {{Fluvial Geomorphology}}},
  editor = {Radecki-Pawlik, Artur and Pagliara, Stefano and Hradecký, Jan and Hendrickson, Erik},
  date = {2017-09-07},
  edition = {1},
  publisher = {{CRC Press}},
  doi = {10.1201/9781315120584},
  url = {https://www.taylorfrancis.com/books/9781498730839},
  urldate = {2021-08-30},
  isbn = {978-1-315-12058-4},
  langid = {english},
  file = {C\:\\Users\\Brezny\\OneDrive - Ostravska univerzita\\Zotero_attachments\\Book\\CRC Press\\2017\\Radecki-Pawlik et al_2017_Open Channel Hydraulics, River Hydraulic Structures and Fluvial Geomorphology.pdf}
}

@book{selbyHillslopeMaterialsProcesses1993,
  title = {Hillslope Materials and Processes.},
  author = {Selby, Michael John},
  date = {1993},
  edition = {2nd ed.},
  publisher = {{Oxford University Press Oxford, England}},
  location = {{Oxford}},
  abstract = {Author is a professor of earth sciences at University of Waikato. Includes index. Introduction -- Bonds -- Particles and fabrics of soil and weak sediments -- Stress, strain, and rheology of materials -- Strength of earth materials -- Properties of rock masses -- Properties of soils -- Weathering processes -- Landforms from weathering, soils, and duricrusts -- Hillslope stratigraphy and form -- Water in soils and hillslope hydrology -- Erosion of hillslopes by raindrops and flowing water -- Mass wasting of soils -- Flow failures on hillslopes -- Rock slope processes -- Models and hillslope development -- Landslide hazards: avoidance and protection -- Magnitudes and frequencies of erosional events -- Rates of denudation and their implications.},
  isbn = {0-19-874183-9},
  pagetotal = {451},
  keywords = {\#nosource}
}

@book{summerfieldGlobalGeomorphologyIntroduction1999,
  title = {Global Geomorphology: An Introduction to the Study of Landforms},
  shorttitle = {Global Geomorphology},
  author = {Summerfield, Michael A.},
  date = {1999},
  edition = {[8.] repr},
  publisher = {{Addison Wesley Longman}},
  location = {{Harlow}},
  isbn = {978-0-582-30156-6},
  langid = {english},
  pagetotal = {537},
  annotation = {OCLC: 246493775},
  file = {C\:\\Users\\Brezny\\OneDrive - Ostravska univerzita\\Zotero_attachments\\Book\\Addison Wesley Longman\\1999\\Summerfield_1999_Global geomorphology.pdf}
}

@incollection{taylorHydrogeologicCharacterizationMethods2008,
  title = {Hydrogeologic {{Characterization}} and {{Methods Used}} in the {{Investigation}} of {{Karst Hydrology}}},
  booktitle = {Field {{Techniques}} for {{Estimating Water Fluxes Between Surface Water}} and {{Ground Water}}},
  author = {Taylor, Charles J and Greene, Earl A},
  editor = {{Donald O. Rosenberry} and {James W. LaBaugh}},
  date = {2008},
  pages = {44},
  langid = {english},
  file = {D\:\\Brezny\\Zotero\\storage\\B2IE355X\\Taylor and Greene - Hydrogeologic Characterization and Methods Used in.pdf}
}

@book{zarubaLandslidesTheirControl1982,
  title = {Landslides and Their Control},
  author = {Záruba, Quido and Mencl, Vojtěch},
  date = {1982},
  series = {Developments in Geotechnical Engineering},
  edition = {2nd completely rev. ed},
  number = {31},
  publisher = {{Elsevier Scientific Pub. Co}},
  location = {{Amsterdam ; New York : [Distributor] for the U.S. and Canada, Elsevier/North Holland}},
  isbn = {978-0-444-99700-5},
  langid = {english},
  pagetotal = {324},
  keywords = {Landslides,Slopes (Soil mechanics)},
  file = {C\:\\Users\\Brezny\\OneDrive - Ostravska univerzita\\Zotero_attachments\\Book\\Elsevier Scientific Pub. Co\\1982\\Záruba_Mencl_1982_Landslides and their control.pdf}
}


